

@inproceedings{Belhumeur2011,
author = {Belhumeur, P. N. and Jacobs, D. W. and Kriegman, D. J. and Kumar, N.},
title = {Localizing parts of faces using a consensus of exemplars},
booktitle = {Conference on Computer Vision and Pattern Recognition (CVPR)},
 year = {2011}
}

@inproceedings{Dalal2005,
author = {Dalal, N. and Triggs, B.},
booktitle = {Conference on Computer Vision and Pattern Recognition (CVPR)},
pages = {886--893},
title = {Histograms of Oriented Gradients for Human Detection},
year = {2005}
}

@inproceedings{Tzimiropoulos2014,
author = {Tzimiropoulos, Georgios and Pantic, Maja},
title = {Gauss-Newton Deformable Part Models for Face Alignment in-the-Wild},
booktitle = {Conference on Computer Vision and Pattern Recognition (CVPR)},
year = {2014}
}

@inproceedings{Amberg2009,
author = {Amberg, B. and Blake, A. and Vetter, T.},
booktitle = {Conference on Computer Vision and Pattern Recognition (CVPR)},
title = {On compositional Image Alignment, with an application to Active Appearance Models},
year = {2009}
}

@inproceedings{Papandreou2008,
author = {Papandreou, G. and Maragos, P.},
title = {Adaptive and Constrained Algorithms for Inverse Compositional Active Appearance Model Fitting},
booktitle = {Conference on Computer Vision and Pattern Recognition (CVPR)},
year = {2008}
}

@inproceedings{Tzimiropoulos2013,
author = {Tzimiropoulos, Georgios and Pantic, Maja},
title = {Optimization Problems for Fast AAM Fitting in-the-Wild},
booktitle = {International Conference on Computer Vision (ICCV)},
year = {2013}
}

@inproceedings{Alabort2014,
author = {Alabort-i\mbox{-Medina}, Joan and Zafeiriou, Stefanos},
title = {Bayesian Active Appearance Models},
booktitle = {Conference on Computer Vision and Pattern Recognition (CVPR)},
year = {2014}
}

@article{Bookstein1989,
author = {Bookstein, Fred J.},
booktitle = {Transactions on Pattern Analysis and Machine Intelligence (TPAMI)},
pages = {567--585},
volume = {11},
title = {Principal Warps: Thin-Plate Splines and the Decomposition of Deformations},
year = {1989}
}

@inproceedings{Amber2007,
author = {Amberg, B. and Romdhani, S. and Vetter, T.},
booktitle = {Conference on Computer Vision and Pattern Recognition (CVPR)},
title = {Optimal Step Nonrigid ICP Algorithms for Surface Registration},
year = {2007}
}

@article{Nguyen2013,
author = {Hien Van Nguyen and Porikli, F.},
journal = {Transactions on Pattern Analysis and Machine Intelligence (TPAMI)},
title = {Support Vector Shape: A Classifier-Based Shape Representation},
year = {2013}
}

@article{Besl1992,
author = {Besl, P.J. and McKay, Neil D.},
journal = {Transactions on Pattern Analysis and Machine Intelligence (TPAMI)},
title = {A method for registration of 3-D shapes},
year = {1992}
}

@inproceedings{ActionsAsSpaceTimeShapes_iccv05,
  author	= {Moshe Blank and Lena Gorelick and Eli Shechtman and Michal Irani and Ronen Basri},
  title 	= {Actions as Space-Time Shapes},
  booktitle	= {The Tenth IEEE International Conference on Computer Vision (ICCV'05)},
  pages 	= {1395-1402},
  location	= {Beiging},
  year   	= {2005},
  ee    	= {www.wisdom.weizmann.ac.il/~vision/SpaceTimeActions.html},
}

@inproceedings{kokkinos2007unsupervised,
  title={Unsupervised learning of object deformation models},
  author={Kokkinos, Iasonas and Yuille, Alan},
  booktitle={Computer Vision, 2007. ICCV 2007. IEEE 11th International Conference on},
  pages={1--8},
  year={2007},
  organization={IEEE}
}

@inproceedings{jojic2006escaping,
  title={Escaping local minima through hierarchical model selection: Automatic object discovery, segmentation, and tracking in video},
  author={Jojic, Nebojsa and Winn, John and Zitnick, Larry},
  booktitle={Computer Vision and Pattern Recognition, 2006 IEEE Computer Society Conference on},
  volume={1},
  pages={117--124},
  year={2006},
  organization={IEEE}
}

@inproceedings{antonakos2014automatic,
    author = {E. Antonakos and S. Zafeiriou},
    pages = {1813--1820},
    address = {Columbus, OH, USA},
    booktitle = {Proceedings of IEEE International Conference on Computer Vision \& Pattern Recognition (CVPR'14)},
    month = {June},
    title = {Automatic Construction of Deformable Models In-The-Wild},
    year = {2014}
}

@inproceedings{jiang2009learning,
  title={Learning shape prior models for object matching},
  author={Jiang, Tingting and Jurie, Frederic and Schmid, Cordelia},
  booktitle={Computer Vision and Pattern Recognition, 2009. CVPR 2009. IEEE Conference on},
  pages={848--855},
  year={2009},
  organization={IEEE}
}

@inproceedings{liu2009simultaneous,
  title={Simultaneous alignment and clustering for an image ensemble},
  author={Liu, Xiaoming and Tong, Yan and Wheeler, Frederick W},
  booktitle={Computer Vision, 2009 IEEE 12th International Conference on},
  pages={1327--1334},
  year={2009},
  organization={IEEE}
}

@article{baker2004automatic,
  title={Automatic construction of active appearance models as an image coding problem},
  author={Baker, Simon and Matthews, Iain and Schneider, Jeff},
  journal={IEEE Transactions on Pattern Analysis and Machine Intelligence},
  volume={26},
  number={10},
  pages={1380},
  year={2004},
  publisher={IEEE}
}

@inproceedings{cox2008least,
  title={Least squares congealing for unsupervised alignment of images},
  author={Cox, Mark and Sridharan, Sridha and Lucey, Simon and Cohn, Jeffrey},
  booktitle={Computer Vision and Pattern Recognition, 2008. CVPR 2008. IEEE Conference on},
  pages={1--8},
  year={2008},
  organization={IEEE}
}

@incollection{cootes2004groupwise,
  title={Groupwise diffeomorphic non-rigid registration for automatic model building},
  author={Cootes, Timothy F and Marsland, Stephen and Twining, Carole J and Smith, Kate and Taylor, Christopher J},
  booktitle={Computer Vision-ECCV 2004},
  pages={316--327},
  year={2004},
  publisher={Springer}
}

@inproceedings{frey2003learning,
  title={Learning appearance and transparency manifolds of occluded objects in layers},
  author={Frey, Brendan J and Jojic, M and Kannan, Anitha},
  booktitle={Computer Vision and Pattern Recognition, 2003. Proceedings. 2003 IEEE Computer Society Conference on},
  volume={1},
  pages={I--45},
  year={2003},
  organization={IEEE}
}

@inproceedings{lowe1999object,
  title={Object recognition from local scale-invariant features},
  author={Lowe, David G},
  booktitle={Computer vision, 1999. The proceedings of the seventh IEEE international conference on},
  volume={2},
  pages={1150--1157},
  year={1999},
  organization={Ieee}
}

@article{Cootes1995,
 author = {Cootes, T. F. and Taylor, C. J. and Cooper, D. H. and Graham, J.},
 title = {Active Shape Models: Their Training and Application},
 journal = {Computer Vision and Image Understanding},
 year = {1995}
}

@inproceedings{Asthana2013,
author = {Asthana, A. and Zafeiriou, S. and Cheng, S. and Pantic, M.},
title = {Robust Discriminative Response Map Fitting with Constrained Local Models},
booktitle = {Conference on Computer Vision and Pattern Recognition (CVPR)},
year = {2013}
}


@article{Saragih2011,
author = {Saragih, Jason M. and Lucey, Simon and Cohn, Jeffrey F.},
title = {Deformable model fitting by regularized landmark mean-shift},
journal = {International Journal of Computer Vision (IJCV)},
year = {2011}
}

@inproceedings{Zhu2012,
author = {Zhu, Xiangxin and Ramanan, D},
title = {Face detection, pose estimation, and landmark localization in the wild},
booktitle = {Conference on Computer Vision and Pattern Recognition (CVPR)},
year = {2012}
}

@inproceedings{Xiong2013,
author = {Xuehan-Xiong and Fernando {De la Torre}},
title = {Supervised Descent Method and its Application to Face Alignment},
booktitle = {Conference on Computer Vision and Pattern Recognition (CVPR)},
year = {2013}
}

@article{Cootes2001,
author = {Cootes, T. F. and Edwards, G. J. and Taylor, C. J.},
title = {Active Appearance Models},
journal = {Transactions on Pattern Analysis and Machine Intelligence (TPAMI)},
year = {2001}
}

@article{Matthews2004,
author = {Matthews, Iain and Baker, Simon},
title = {Active Appearance Models Revisited},
journal = {International Journal of Computer Vision (IJCV)},
year = {2004}
}

@inproceedings{Cao2012,
author = {Cao, Xudong and Wei, Yichen and Wen, Fang and Sun, Jian},
title = {Face alignment by Explicit Shape Regression},
booktitle = {Computer Vision and Pattern Recognition (CVPR)},
year = {2012}
}

@inproceedings{Asthana2014,
author = {Asthana, Akshay and Zafeiriou, Stefanos and Cheng, Shiyang and Pantic, Maja},
title = {Incremental Face Alignment in the Wild},
booktitle = {Conference on Computer Vision and Pattern Recognition (CVPR)},
year = {2014}
}

@inproceedings{Le2012,
author = {Le, Vuong and Brandt Jonathan and Lin, Zhe and Boudev, Lubomir and Huang, Thomas S.},
title = {Interactive Facial Feature Localization},
booktitle = {European Conference on Computer Vision (ECCV)},
year = {2012}
}

@inproceedings{Burgos2013,
author = {Burgos-Artizzu, X. P. and Perona, P. and Dollár, P.},
title = {Robust Face Landmark Estimation under Occlusion},
booktitle = {International Conference on Computer Vision (ICCV)},
year = {2013}
}


@inproceedings{sagonas_iccv_300w_2013,
    author = {C. Sagonas and G. Tzimiropoulos and S. Zafeiriou and M. Pantic},
    address = {Sydney, Australia},
    booktitle = {Proceedings of IEEE Int’l Conf. on Computer Vision (ICCV-W 2013), 300 Faces in-the-Wild Challenge (300-W)},
    month = {December},
    title = {300 Faces in-the-Wild Challenge: The first facial landmark localization Challenge},
    year = {2013},
}

@article{sermanet2013overfeat,
  title={Overfeat: Integrated recognition, localization and detection using convolutional networks},
  author={Sermanet, Pierre and Eigen, David and Zhang, Xiang and Mathieu, Micha{\"e}l and Fergus, Rob and LeCun, Yann},
  journal={arXiv preprint arXiv:1312.6229},
  year={2013}
}

@article{Garg:2013hu,
	title={A Variational Approach to Video Registration with Subspace Constraints},
	journal={International Journal of Computer Vision},
	author={Garg, Ravi and Roussos, Anastasios and Agapito, Lourdes},
	number={3},
	volume={104},
	year={2013},
	pages={286--314},
}

@article{huang2006shape,
  title={Shape registration in implicit spaces using information theory and free form deformations},
  author={Huang, Xiaolei and Paragios, Nikos and Metaxas, Dimitris N},
  journal={Pattern Analysis and Machine Intelligence, IEEE Transactions on},
  volume={28},
  number={8},
  pages={1303--1318},
  year={2006},
  publisher={IEEE}
}

@ARTICLE{rudin92,
  AUTHOR =       {Rudin, L. and Osher, S. and Fatemi, E.},
  TITLE =        {Nonlinear Total Variation based noise removal algorithms},
  JOURNAL =      {Physica D},
  YEAR =         {1992},
  volume =       {60},
  pages =        {259-268},
}

@ARTICLE{Chambolle:Pock:JMIV2011,
  author = {Antonin Chambolle and Thomas Pock},
  title = {A first-order primal-dual algorithm for convex problems with applications
	to imaging},
  journal = {JMIV},
year={2011}
}

@ARTICLE{Huang2006, 
author={Xiaolei Huang and Paragios, N. and Metaxas, D.N.}, 
journal={Pattern Analysis and Machine Intelligence, IEEE Transactions on}, 
title={Shape registration in implicit spaces using information theory and free form deformations}, 
year={2006}, 
month={Aug}, 
volume={28}, 
number={8}, 
pages={1303-1318}
}

@ARTICLE{Zhang2012, 
author={Pei Zhang and Cootes, T.F.}, 
journal={Medical Imaging, IEEE Transactions on}, 
title={Automatic Construction of Parts+Geometry Models for Initializing Groupwise Registration}, 
year={2012}, 
month={Feb}, 
volume={31}, 
number={2}, 
pages={341-358}
}